@book{Bump96,
        author = "Daniel Bump",
        title = "Automorphic Forms and Representations",
        publisher = "Cambridge University Press",
        address = "",
        year = "1997"
}

 
